<record><leader>00000cas a22000007a 4500</leader><controlfield tag="001">11712378</controlfield><controlfield tag="008">850220d18611868ohuwr ne      0    0eng d</controlfield><controlfield tag="009">3783</controlfield><datafield ind1=" " ind2=" " tag="010"><subfield code="a">sn 85038098 </subfield></datafield><datafield ind1=" " ind2=" " tag="040"><subfield code="a">NPY</subfield><subfield code="b">eng</subfield><subfield code="c">NPY</subfield><subfield code="d">NPX</subfield><subfield code="d">ONP</subfield><subfield code="d">DLC</subfield><subfield code="d">OCLCG</subfield></datafield><datafield ind1="1" ind2=" " tag="029"><subfield code="a">AU@</subfield><subfield code="b">000025790045</subfield></datafield><datafield ind1=" " ind2=" " tag="042"><subfield code="a">msc</subfield></datafield><datafield ind1="0" ind2=" " tag="130"><subfield code="a">Morgan County herald (McConnelsville, Ohio : 1861)</subfield></datafield><datafield ind1="0" ind2="4" tag="245"><subfield code="a">The Morgan County herald.</subfield></datafield><datafield ind1="0" ind2="3" tag="246"><subfield code="a">Morgan herald</subfield></datafield><datafield ind1=" " ind2=" " tag="260"><subfield code="a">M'Connelsville, Ohio :</subfield><subfield code="b">J.A. Adair,</subfield><subfield code="c">1861-1868.</subfield></datafield><datafield ind1=" " ind2=" " tag="300"><subfield code="a">v. ;</subfield><subfield code="c">67 cm.</subfield></datafield><datafield ind1=" " ind2=" " tag="310"><subfield code="a">Weekly</subfield></datafield><datafield ind1="0" ind2=" " tag="362"><subfield code="a">Vol. 19, no. 10 (July 11, 1861)-v. 26, no. 52 (Dec. 25, 1868) = Whole no. 889-whole no. 1300.</subfield></datafield><datafield ind1=" " ind2=" " tag="500"><subfield code="a">Editors: J.A. Adair, 1861-1864; Robert C. Brown, 1864-1868.</subfield></datafield><datafield ind1=" " ind2=" " tag="500"><subfield code="a">Republican. Cf. Gutgesell, S.  Guide to Ohio newspapers, 1974.</subfield></datafield><datafield ind1="1" ind2=" " tag="700"><subfield code="a">Adair, James A.</subfield></datafield><datafield ind1="1" ind2=" " tag="700"><subfield code="a">Brown, R. C.</subfield><subfield code="q">(Robert C.)</subfield></datafield><datafield ind1=" " ind2=" " tag="752"><subfield code="a">United States</subfield><subfield code="b">Ohio</subfield><subfield code="c">Morgan</subfield><subfield code="d">McConnelsville.</subfield></datafield><datafield ind1="0" ind2="0" tag="780"><subfield code="t">Morgan weekly herald</subfield><subfield code="w">(DLC)sn 85038097</subfield></datafield><datafield ind1="0" ind2="0" tag="785"><subfield code="t">M'Connelsville herald (McConnelsville, Ohio : 1869)</subfield><subfield code="w">(DLC)sn 85038099</subfield></datafield></record>